<?xml version="1.0" encoding="UTF-8"?><record xmlns="http://www.loc.gov/MARC21/slim" xmlns:cinclude="http://apache.org/cocoon/include/1.0" xmlns:zs="http://www.loc.gov/zing/srw/">
  <leader>00501nz  a2200157n  4500</leader>
  <controlfield tag="001">no2005023564</controlfield>
  <controlfield tag="003">DLC</controlfield>
  <controlfield tag="005">20050311051901.0</controlfield>
  <controlfield tag="008">050310n| acannaabn          |n aaa     c</controlfield>
  <datafield tag="010" ind1=" " ind2=" ">
    <subfield code="a">no2005023564</subfield>
  </datafield>
  <datafield tag="035" ind1=" " ind2=" ">
    <subfield code="a">(OCoLC)oca06580258</subfield>
  </datafield>
  <datafield tag="040" ind1=" " ind2=" ">
    <subfield code="a">UnM</subfield>
    <subfield code="b">eng</subfield>
    <subfield code="c">UnM</subfield>
  </datafield>
  <datafield tag="100" ind1="1" ind2=" ">
    <subfield code="a">Germain, Marius</subfield>
  </datafield>
  <datafield tag="670" ind1=" " ind2=" ">
    <subfield code="a">Le dernier verre, [18--?]:</subfield>
    <subfield code="b">t.p. (Marius Germain)</subfield>
  </datafield>
  <datafield tag="670" ind1=" " ind2=" ">
    <subfield code="a">OCLC, March 9, 2005:</subfield>
    <subfield code="b">(hdg.: Germain, Marius; usage: Marius Germain)</subfield>
  </datafield>
  <datafield tag="670" ind1=" " ind2=" ">
    <subfield code="a">Bib. nat.:</subfield>
    <subfield code="b">(hdg.: Germain, Marius; usage: Marius Germain)</subfield>
  </datafield>
</record>